%do bibliografii korzystać z semanticschlar, opcja cite -> BibTex
@InProceedings{augmentation,
author = {Sebastien C. Wong; Adam Gatt; Victor Stamatescu; Mark D. McDonnell},
title = {Understanding data augmentation for classification:
when to warp?},
pages = {2},
year = {2016},
address = {Gold Coast, QLD, Australia},
month = {December},
publisher = {Institute of Electrical and Electronic Engineering}
}

@Book{lymphocytes_percentage_size,
ALTauthor = {Paul R. Wheater, H. George Burkitt, Victor G. Daniels},
title = {Functional histology: a text and colour atlas.},
publisher = {Edinburgh: Churchill Livingstone},
year = {1979},
number = {ISBN 0-443-01657-7}
}

@Book{lymphocytes_nucleus,
ALTauthor = {Alberts B, Johnson A, Lewis M, Raff M, Roberts K, Walter P },
title = {Leukocyte also known as macrophages functions and percentage breakdown},
publisher = {Edinburgh: Churchill Livingstone},
year = {2002},
number = {ISBN 0-8153-4072-9}
}

@Book{deep_learning,
ALTauthor = {Goodfellow I., Bengio	 Y, Courville A.},
title = {Deep learning},
publisher = {The MIT Press},
year = {2016},
number = {ISBN:0262035618 9780262035613}
}

@InProceedings{tadeusiewicz_sn,
author = {Tadeusiewicz R.},
title = {Sieci neuronowe},
pages = {5},
year = {1993},
address = {Kraków, Wykład plenarny XXXII Zjazdu Fizyków Polskich},
month = {September}
}

@Book{deep_learning_python,
ALTauthor = {Chollet F.},
title = {Deep learning with Python},
publisher = {Manning},
year = {2018},
number = {ISBN:9781617294433}
}

@InProceedings{pooling,
author = {Scherer D.; Müller A.C.; Behnke S.},
title = {Evaluation of Pooling Operations in Convolutional Architectures for Object Recognition},
year = {2010},
pages = {92–101},
address = {Artificial Neural Networks (ICANN), 20th International Conference on. Thessaloniki, Greece},
month = {September}
}
